
<marc:record><marc:leader>03213cas a2200577 i 4500</marc:leader>
<marc:controlfield tag="001">001137242</marc:controlfield>
<marc:controlfield tag="003">OCoLC</marc:controlfield><marc:controlfield tag="005">20240507162527.0</marc:controlfield><marc:controlfield tag="006">m     o  d f      </marc:controlfield><marc:controlfield tag="007">cr |||||||||||</marc:controlfield><marc:controlfield tag="008">210222c20159999dcuar p o    f0   a0eng c</marc:controlfield><marc:datafield tag="010" ind1=" " ind2=" "><marc:subfield code="a">2021236250</marc:subfield></marc:datafield><marc:datafield tag="019" ind1=" " ind2=" "><marc:subfield code="a">1241286769</marc:subfield><marc:subfield code="a">1241286848</marc:subfield><marc:subfield code="a">1241307679</marc:subfield><marc:subfield code="a">1241316728</marc:subfield><marc:subfield code="a">1241318100</marc:subfield><marc:subfield code="a">1241323278</marc:subfield><marc:subfield code="a">1241343754</marc:subfield><marc:subfield code="a">1241351776</marc:subfield><marc:subfield code="a">1241352111</marc:subfield><marc:subfield code="a">1241361485</marc:subfield><marc:subfield code="a">1241366924</marc:subfield><marc:subfield code="a">1241377468</marc:subfield><marc:subfield code="a">1241380658</marc:subfield><marc:subfield code="a">1241381562</marc:subfield><marc:subfield code="a">1241385527</marc:subfield><marc:subfield code="a">1241387174</marc:subfield><marc:subfield code="a">1241392274</marc:subfield><marc:subfield code="a">1241394643</marc:subfield><marc:subfield code="a">1241400720</marc:subfield><marc:subfield code="a">1251953432</marc:subfield><marc:subfield code="a">1251961158</marc:subfield><marc:subfield code="a">1251970341</marc:subfield><marc:subfield code="a">1251973865</marc:subfield><marc:subfield code="a">1251987569</marc:subfield><marc:subfield code="a">1251997236</marc:subfield><marc:subfield code="a">1251999468</marc:subfield><marc:subfield code="a">1252000186</marc:subfield><marc:subfield code="a">1252029708</marc:subfield><marc:subfield code="a">1252040048</marc:subfield></marc:datafield><marc:datafield tag="022" ind1="0" ind2=" "><marc:subfield code="a">2767-0813</marc:subfield><marc:subfield code="2">1</marc:subfield></marc:datafield><marc:datafield tag="035" ind1=" " ind2=" "><marc:subfield code="a">(OCoLC)1238030755</marc:subfield><marc:subfield code="z">(OCoLC)1241286769</marc:subfield><marc:subfield code="z">(OCoLC)1241286848</marc:subfield><marc:subfield code="z">(OCoLC)1241307679</marc:subfield><marc:subfield code="z">(OCoLC)1241316728</marc:subfield><marc:subfield code="z">(OCoLC)1241318100</marc:subfield><marc:subfield code="z">(OCoLC)1241323278</marc:subfield><marc:subfield code="z">(OCoLC)1241343754</marc:subfield><marc:subfield code="z">(OCoLC)1241351776</marc:subfield><marc:subfield code="z">(OCoLC)1241352111</marc:subfield><marc:subfield code="z">(OCoLC)1241361485</marc:subfield><marc:subfield code="z">(OCoLC)1241366924</marc:subfield><marc:subfield code="z">(OCoLC)1241377468</marc:subfield><marc:subfield code="z">(OCoLC)1241380658</marc:subfield><marc:subfield code="z">(OCoLC)1241381562</marc:subfield><marc:subfield code="z">(OCoLC)1241385527</marc:subfield><marc:subfield code="z">(OCoLC)1241387174</marc:subfield><marc:subfield code="z">(OCoLC)1241392274</marc:subfield><marc:subfield code="z">(OCoLC)1241394643</marc:subfield><marc:subfield code="z">(OCoLC)1241400720</marc:subfield><marc:subfield code="z">(OCoLC)1251953432</marc:subfield><marc:subfield code="z">(OCoLC)1251961158</marc:subfield><marc:subfield code="z">(OCoLC)1251970341</marc:subfield><marc:subfield code="z">(OCoLC)1251973865</marc:subfield><marc:subfield code="z">(OCoLC)1251987569</marc:subfield><marc:subfield code="z">(OCoLC)1251997236</marc:subfield><marc:subfield code="z">(OCoLC)1251999468</marc:subfield><marc:subfield code="z">(OCoLC)1252000186</marc:subfield><marc:subfield code="z">(OCoLC)1252029708</marc:subfield><marc:subfield code="z">(OCoLC)1252040048</marc:subfield></marc:datafield><marc:datafield tag="040" ind1=" " ind2=" "><marc:subfield code="a">GPO</marc:subfield><marc:subfield code="b">eng</marc:subfield><marc:subfield code="e">rda</marc:subfield><marc:subfield code="e">pn</marc:subfield><marc:subfield code="c">GPO</marc:subfield><marc:subfield code="d">OCLCO</marc:subfield><marc:subfield code="d">DLC</marc:subfield><marc:subfield code="d">OCLCF</marc:subfield><marc:subfield code="d">OCLCO</marc:subfield><marc:subfield code="d">OCLCQ</marc:subfield><marc:subfield code="d">GPO</marc:subfield></marc:datafield><marc:datafield tag="042" ind1=" " ind2=" "><marc:subfield code="a">pcc</marc:subfield><marc:subfield code="a">nsdp</marc:subfield></marc:datafield><marc:datafield tag="043" ind1=" " ind2=" "><marc:subfield code="a">n-us---</marc:subfield></marc:datafield><marc:datafield tag="050" ind1="1" ind2="0"><marc:subfield code="a">ISSN RECORD</marc:subfield></marc:datafield><marc:datafield tag="074" ind1=" " ind2=" "><marc:subfield code="a">0903-A-03 (online)</marc:subfield></marc:datafield><marc:datafield tag="082" ind1="1" ind2="0"><marc:subfield code="a">658.3008</marc:subfield><marc:subfield code="2">23</marc:subfield></marc:datafield><marc:datafield tag="086" ind1="0" ind2=" "><marc:subfield code="a">SE 1.1/4:</marc:subfield></marc:datafield><marc:datafield tag="110" ind1="1" ind2=" "><marc:subfield code="a">United States.</marc:subfield><marc:subfield code="b">Securities and Exchange Commission.</marc:subfield><marc:subfield code="b">Office of Minority and Women Inclusion,</marc:subfield></marc:datafield><marc:datafield tag="222" ind1=" " ind2="0"><marc:subfield code="a">Annual report to Congress</marc:subfield><marc:subfield code="b">(United States. Securities and Exchange Commission. Office of Minority and Women Inclusion)</marc:subfield></marc:datafield><marc:datafield tag="245" ind1="1" ind2="0"><marc:subfield code="a">Annual report to Congress.</marc:subfield></marc:datafield><marc:datafield tag="264" ind1=" " ind2="1"><marc:subfield code="a">Washington, DC :</marc:subfield><marc:subfield code="b">U.S. Securities and Exchange Commission, Office of Minority and Women Inclusion,</marc:subfield><marc:subfield code="c">2015-</marc:subfield></marc:datafield><marc:datafield tag="300" ind1=" " ind2=" "><marc:subfield code="a">1 online resource (volumes)</marc:subfield></marc:datafield><marc:datafield tag="310" ind1=" " ind2=" "><marc:subfield code="a">Annual</marc:subfield></marc:datafield><marc:datafield tag="336" ind1=" " ind2=" "><marc:subfield code="a">text</marc:subfield><marc:subfield code="b">txt</marc:subfield><marc:subfield code="2">rdacontent</marc:subfield></marc:datafield><marc:datafield tag="337" ind1=" " ind2=" "><marc:subfield code="a">computer</marc:subfield><marc:subfield code="b">c</marc:subfield><marc:subfield code="2">rdamedia</marc:subfield></marc:datafield><marc:datafield tag="338" ind1=" " ind2=" "><marc:subfield code="a">online resource</marc:subfield><marc:subfield code="b">cr</marc:subfield><marc:subfield code="2">rdacarrier</marc:subfield></marc:datafield><marc:datafield tag="362" ind1="1" ind2=" "><marc:subfield code="a">Began with: 2014.</marc:subfield></marc:datafield><marc:datafield tag="588" ind1="0" ind2=" "><marc:subfield code="a">2015; title from PDF cover (SEC website, viewed January 7, 2021).</marc:subfield></marc:datafield><marc:datafield tag="588" ind1="1" ind2=" "><marc:subfield code="a">2020 (SEC website, viewed January 7, 2021).</marc:subfield></marc:datafield><marc:datafield tag="610" ind1="1" ind2="0"><marc:subfield code="a">United States.</marc:subfield><marc:subfield code="b">Securities and Exchange Commission.</marc:subfield><marc:subfield code="b">Office of Minority and Women Inclusion</marc:subfield><marc:subfield code="v">Periodicals.</marc:subfield></marc:datafield><marc:datafield tag="650" ind1=" " ind2="0"><marc:subfield code="a">Diversity in the workplace</marc:subfield><marc:subfield code="z">United States</marc:subfield><marc:subfield code="v">Periodicals.</marc:subfield></marc:datafield><marc:datafield tag="650" ind1=" " ind2="0"><marc:subfield code="a">Women in the civil service</marc:subfield><marc:subfield code="z">United States</marc:subfield><marc:subfield code="v">Periodicals.</marc:subfield></marc:datafield><marc:datafield tag="650" ind1=" " ind2="0"><marc:subfield code="a">Civil service</marc:subfield><marc:subfield code="x">Minority employment</marc:subfield><marc:subfield code="z">United States</marc:subfield><marc:subfield code="v">Periodicals.</marc:subfield></marc:datafield><marc:datafield tag="655" ind1=" " ind2="7"><marc:subfield code="a">Annual reports.</marc:subfield><marc:subfield code="2">lcgft</marc:subfield></marc:datafield><marc:datafield tag="856" ind1="4" ind2="0"><marc:subfield code="u">https://purl.fdlp.gov/GPO/gpo151463</marc:subfield><marc:subfield code="7">0</marc:subfield></marc:datafield><marc:datafield tag="856" ind1="4" ind2="0"><marc:subfield code="z">GovInfo</marc:subfield><marc:subfield code="u">https://purl.fdlp.gov/GPO/gpo229323</marc:subfield><marc:subfield code="7">0</marc:subfield></marc:datafield><marc:datafield tag="856" ind1="4" ind2=" "><marc:subfield code="z">Address at time of PURL creation</marc:subfield><marc:subfield code="u">https://www.sec.gov/omwi/omwi-annual-reports-congress</marc:subfield></marc:datafield><marc:datafield tag="856" ind1="4" ind2=" "><marc:subfield code="z">Address at time of PURL creation</marc:subfield><marc:subfield code="u">https://www.govinfo.gov/app/search/%7B%22query%22%3A%22ilsid%3A001137242%22%2C%22offset%22%3A0%7D</marc:subfield></marc:datafield><marc:datafield tag="994" ind1=" " ind2=" "><marc:subfield code="a">C0</marc:subfield><marc:subfield code="b">GPO</marc:subfield></marc:datafield><marc:datafield tag="049" ind1=" " ind2=" "><marc:subfield code="a">GPOO</marc:subfield></marc:datafield><marc:datafield tag="955" ind1=" " ind2=" "><marc:subfield code="a">bc34 20240507</marc:subfield></marc:datafield><marc:datafield tag="922" ind1=" " ind2=" "><marc:subfield code="a">CMR</marc:subfield></marc:datafield><marc:datafield tag="955" ind1=" " ind2=" "><marc:subfield code="a">bc48 20210407</marc:subfield></marc:datafield><marc:datafield tag="922" ind1=" " ind2=" "><marc:subfield code="a">ISSNREQ</marc:subfield><marc:subfield code="b">20210222</marc:subfield></marc:datafield><marc:datafield tag="922" ind1=" " ind2=" "><marc:subfield code="a">CONSERNEW</marc:subfield><marc:subfield code="b">20210222</marc:subfield></marc:datafield><marc:datafield tag="955" ind1=" " ind2=" "><marc:subfield code="a">bc48</marc:subfield><marc:subfield code="b">20210222</marc:subfield></marc:datafield></marc:record>